@misc{Pfalcon,
author = {Sokolovsky, Paulo},
mendeley-groups = {TCC},
pages = {1--4},
title = {{pfalcon/esp-open-sdk: Free and open (as much as possible) integrated SDK for ESP8266/ESP8285 chips}},
urldate = {2017-01-20},
Urlaccessdate = {2017-01-20},
year = {2017}
}
@misc{Espressif,
author = {{Espressif Systems}},
title = {{Getting Started Guide - ESP8266}},
url = {https://espressif.com/en/support/explore/get-started/esp8266/getting-started-guide},
urldate = {2017-01-03},
Urlaccessdate = {2017-01-03},
year = {2017}
}
@article{Zebra2016,
author = {{Zebra Technologies}},
title = {{Zebra Creates a New Shopping Experience for Shopping Cidade Jardim Customers}},
Urlaccessdate = {2017-01-03},
year = {2017}
}

@misc{EspressifSystems,
author = {{Espressif Systems}},
mendeley-groups = {TCC},
title = {{ESP8266EX Overview}},
url = {https://espressif.com/en/products/hardware/esp8266ex/overview},
urldate = {2017-01-16},
Urlaccessdate = {2017-01-16}
}
@misc{Embarcados,
author = {Embarcados},
mendeley-groups = {TCC},
title = {{Apresentando o m{\'{o}}dulo ESP8266}},
url = {https://www.embarcados.com.br/modulo-esp8266/},
urldate = {2017-01-16},
Urlaccessdate = {2017-01-16}
}
@misc{AlibabaESP,
author = {{alibaba.com}},
title = {{Esp-12f Esp8266 Remote Serial Port Wifi Transceiver Wireless Module - Buy Esp8266,Wifi Module,Esp12f Product on Alibaba.com}},
url = {https://www.alibaba.com/product-detail/ESP-12F-Esp8266-Remote-Serial-Port_60518607068.html?s=p},
urldate = {2017-01-19},
Urlaccessdate = {2017-01-19},
year = {2017}
}
@misc{mercadolivreEsp,
author = {{mercadolivre.com.br}},
title = {{Modulo Esp8266 Esp-12e Wireless Wifi em Mercado Livre}},
url = {https://produto.mercadolivre.com.br/MLB-788100073-modulo-esp8266-esp-12e-wireless-wifi},
urldate = {2017-01-20},
Urlaccessdate = {2017-01-20},
year = {2017}
}
@misc{rpi3-mercadolivre,
author = {{mercadolivre.com.br}},
title = {{Novo Raspberry Pi 3 (pi3) Quadcore 1.2ghz (10x+rapido) 1gb - RS 189,99 em Mercado Livre}},
url = {https://produto.mercadolivre.com.br/MLB-745485654-novo-raspberry-pi-3-pi3-quadcore-12ghz-10xrapido-1gb},
urldate = {2017-01-20},
Urlaccessdate = {2017-01-20},
year = {2017}
}
@misc{espressifATwiki,
author = {{Espressif Systems}},
title = {{Home - espressif/ESP8266-AT Wiki}},
url = {https://github.com/espressif/ESP8266%5fAT/wiki},
Urlaccessdate = {2017-01-20},
year = {2014}
}
@misc{room15,
author = {Room-15},
title = {{ESP8266 - AT Command Reference}},
url = {https://room-15.github.io/blog/2015/03/26/esp8266-at-command-reference/},
urldate = {2017-01-20},
Urlaccessdate = {2017-01-20},
year = {2015}
}
@misc{nytimesMirai,
author = {NICOLE PERLROTH},
mendeley-groups = {TCC},
month = {oct},
title = {{Hackers Used New Weapons to Disrupt Major Websites Across U.S.  The New York Times}},
url = {https://www.nytimes.com/2016/10/22/business/internet-problems-attack.html},
year = {2016},
urldate = {2017-01-20},
Urlaccessdate = {2017-01-20}
}
@misc{guardianMirai,
author = {Nicky Woolf},
mendeley-groups = {TCC},
month = {oct},
title = {{DDoS attack that disrupted internet was largest of its kind in history, experts say  Technology  The Guardian}},
url = {https://www.theguardian.com/technology/2016/oct/26/ddos-attack-dyn-mirai-botnet},
urldate = {2017-01-20},
Urlaccessdate = {2017-01-20},
year = {2016}
}
