@misc{nodejs,
author = {Nodejs.org},
title = {{Node.js}},
url = {https://nodejs.org/en/},
urldate = {2017-01-22},
Urlaccessdate = {2017-01-22},
year = {2016}
}
@misc{tshark,
author = {Wireshark.org},
title = {{Wireshark User's Guide}},
url = {https://www.wireshark.org/docs/wsug_html/#AppToolstshark},
urldate = {2017-01-23},
Urlaccessdate = {2017-01-23},
year = {2014}
}
@misc{child_process,
author = {Nodejs.org},
title = {{Child Process | Node.js v6.9.4 Documentation}},
url = {https://nodejs.org/dist/latest-v6.x/docs/api/child%5fprocess.html},
urldate = {2017-01-23},
Urlaccessdate = {2017-01-23},
year = {2016}
}
@misc{stream,
author = {Nodejs.org},
title = {{Stream | Node.js v6.9.4 Documentation}},
url = {https://nodejs.org/dist/latest-v6.x/docs/api/stream.html},
urldate = {2017-01-23},
Urlaccessdate = {2017-01-23},
year = {2016}
}
@misc{fast-csv,
author = {c2fo.com},
title = {{C2FO/fast-csv: CSV parser for node}},
url = {http://c2fo.io/fast-csv/},
urldate = {2017-01-23},
Urlaccessdate = {2017-01-23},
year = {2016}
}
@misc{mqttjs,
author = {github.com/mqttjs},
title = {{mqttjs/MQTT.js: The MQTT client for Node.js and the browser}},
url = {https://github.com/mqttjs/MQTT.js},
urldate = {2017-01-23},
Urlaccessdate = {2017-01-23},
year = {2016}
}
@misc{githubdeploy,
author = {github.com},
title = {{Integrations with Deployment}},
url = {https://github.com/integrations/feature/deployment},
urldate = {2017-01-23},
Urlaccessdate = {2017-01-23},
year = {2016}
}
@misc{forever-service,
author = {{Zapty Inc}},
title = {{zapty/forever-service: Provision node script as a service via forever, allowing it to automatically start on boot, working across various Linux distros and OS}},
url = {https://github.com/zapty/forever-service},
urldate = {2017-01-23},
Urlaccessdate = {2017-01-23},
year = {2016}
}
@misc{mosquitto,
author = {Mosquitto.org},
title = {{An Open Source MQTT v3.1 Broker}},
url = {http://mosquitto.org/},
urldate = {2017-01-23},
Urlaccessdate = {2017-01-23},
year = {2016}
}
@misc{mqttfx,
author = {Jens Deters},
title = {{MQTT.fx}},
url = {http://mqttfx.org/},
urldate = {2017-01-23},
Urlaccessdate = {2017-01-23},
year = {2017}
}
@misc{mqttdash,
author = {{Nghia TH}},
title = {{IoT MQTT Dashboard - Android Apps on Google Play}},
url = {https://play.google.com/store/apps/details?id=com.thn.iotmqttdashboard},
urldate = {2017-01-23},
Urlaccessdate = {2017-01-23},
year = {2016}
}
@misc{mqttspy,
author = {{Eclipse Foundation}},
title = {{eclipse/paho.mqtt-spy: mqtt-spy is an open source desktop and command line utility intended to help you with monitoring activity on MQTT topics}},
url = {https://github.com/eclipse/paho.mqtt-spy},
urldate = {2017-01-23},
Urlaccessdate = {2017-01-23},
year = {2016}
}
