@misc{Amazon2016,
author = {Amazon},
title = {{Defini{\c{c}}{\~{a}}o de pre{\c{c}}o do AWS IoT – Amazon Web Services}},
url = {https://aws.amazon.com/pt/iot/pricing/},
urldate = {2016-01-01},
Urlaccessdate = {2016-01-01},
year = {2016}
}
@misc{AmazonIoT2016,
abstract = {Conecte dispositivos {\`{a}} nuvem de forma f{\'{a}}cil e segura. Expanda sua capacidade de maneira confi{\'{a}}vel para bilh{\~{o}}es de dispositivos e trilh{\~{o}}es de mensagens.},
title = {AWS IoT},
url = {https://aws.amazon.com/pt/iot/},
Urlaccessdate = {2017-01-25},
year = {2016}
}
@article{DzoneIoT:2015,
abstract = {The DZone Guide to the Internet of Things offers insight into executive and developer perspectives of IoT trends and concerns, a listing of platform and hardware solutions to facilitate IoT development, and a comprehensive checklist to help you secure your IoT applications.},
author = {Dzone},
journal = {DZone},
keywords = {IoT},
mendeley-tags = {IoT},
pages = {32},
title = {{THE DZONE GUIDE TO THE INTERNET OF THINGS}},
url = {https://dzone.com/guides/internet-of-things-1},
Urlaccessdate = {2017-01-25},
year = {2015}
}
@misc{GARTNER2014,
author = {GARTNER},
booktitle = {March 19, 2014},
pages = {5},
title = {{Gartner Says the Internet of Things Will Transform the Data Center}},
url = {http://www.gartner.com/newsroom/id/2684616},
urldate = {2016-04-20},
Urlaccessdate = {2016-04-20},
year = {2014}
}
@misc{GARTNER2015,
author = {GARTNER},
booktitle = {November 10, 2015},
keywords = {Internet of Things,data center},
pages = {1},
title = {{Gartner Says 6.4 Billion Connected "Things" Will Be in Use in 2016, Up 30 Percent From 2015}},
url = {http://www.gartner.com/newsroom/id/3165317},
urldate = {2016-03-28},
Urlaccessdate = {2016-03-28},
volume = {2020},
year = {2015}
}
@misc{CiscoBlog2013,
author = {{Cisco Blog}},
booktitle = {July 29, 2013},
keywords = {Cisco,Connections Counter,Cool,Growth,IoE,IoT counter,Share},
mendeley-tags = {Cisco,Growth,IoT counter},
pages = {2},
title = {{How Many Internet Connections are in the World? Right. Now.}},
url = {http://blogs.cisco.com/news/cisco-connections-counter},
urldate = {2016-04-20},
Urlaccessdate = {2016-04-20},
year = {2013}
}
@misc{Ibm2016,
abstract = {IBM and its clients are ushering in a new cognitive era. IBM Watson IoT Platform extends the power of cognitive computing to the Internet of Things—billions of connected devices, sensors and systems that comprise the IoT.},
author = {Ibm},
booktitle = {IBM},
pages = {1--5},
title = {{IBM IoT}},
url = {http://www.ibm.com/internet-of-things/},
urldate = {2016-01-01},
Urlaccessdate = {2016-01-01},
year = {2016}
}
@misc{ARM-mbed,
abstract = {The ARM mbed IoT Device Platform provides the operating system, cloud services, tools and developer ecosystem to make the creation and deployment of commercial, standards-based IoT solutions possible at scale.},
author = {ARM},
booktitle = {ARM},
title = {{Welcome to mbed}},
url = {https://www.mbed.com/en/},
urldate = {2016-04-19},
Urlaccessdate = {2016-04-19},
year = {2016}
}
@misc{Microsoft2016,
abstract = {The Internet of Things (IoT) brings together devices, sensors, cloud, data and your imagination.},
author = {Microsoft},
booktitle = {Microsoft},
title = {{The Internet of Your Things}},
url = {https://dev.windows.com/en-US/iot},
Urlaccessdate = {2017-01-25},
year = {2016}
}
@misc{Intel2016,
abstract = {The Intel{\textregistered} IoT Developer Program gives you tools, templates, libraries, and more to accelerate IoT solution development from idea, to prototype, to production. We support your development throughout your product lifecycle, offering security and manageability for deployment at scale.},
author = {Intel},
booktitle = {Intel},
pages = {1--4},
title = {{IoT Solutions | IntelDeveloper Zone}},
url = {https://software.intel.com/en-us/articles/a-fast-flexible-and-scalable-path-to-commercial-iot-solutions},
Urlaccessdate = {2017-01-25},
year = {2016}
}
@misc{Oracle2016,
abstract = {Gain new data-driven insights and drive actions from Internet of Things (IoT) data, enabling your business to deliver innovative new services faster than your competitors, with less risk. Securely connect, analyze, and integrate real-time IoT data, at scale, between connected devices and your enterprise applications.},
author = {Oracle},
booktitle = {Oracle},
pages = {3--5},
title = {{Oracle IoT}},
url = {https://www.oracle.com/solutions/internet-of-things/index.html},
Urlaccessdate = {2017-01-25},
year = {2016}
}
@misc{Google2016,
abstract = {There is the potential for 50 billion connected devices by 2020. Google Cloud Platform gives you the tools to scale connections, gather and make sense of data, and provide the reliable customer experiences that hardware devices require.},
author = {Google},
booktitle = {Google},
pages = {1--5},
title = {{Google for Internet of Things}},
url = {https://cloud.google.com/solutions/iot/},
Urlaccessdate = {2017-01-25},
year = {2016}
}
@misc{RpiZeroLaunch,
author = {Raspberry fundation},
booktitle = {26th Nov 2015 at 6:59 am},
isbn = {9781118555439},
keywords = {announcement,news,raspberry pi zero,the magpi},
pages = {2},
title = {{Raspberry Pi Zero: the {\$}5 computer}},
url = {https://www.raspberrypi.org/blog/raspberry-pi-zero/},
urldate = {2016-04-19},
Urlaccessdate = {2016-04-19},
year = {2015}
}
@misc{Esp8266.net,
abstract = {ESP8266 (presently ESP8266EX) is a chip with which manufacturers are making wirelessly networkable micro-controller modules. More specifically, ESP8266 is a system-on-a-chip (SoC) with capabilities for 2.4 GHz Wi-Fi (802.11 b/g/n, supporting WPA/WPA2), general-purpose input/output (16 GPIO), Inter-Integrated Circuit (I²C), analog-to-digital conversion (10-bit ADC), Serial Peripheral Interface (SPI), I²S interfaces with DMA (sharing pins with GPIO), UART (on dedicated pins, plus a transmit-only UART can be enabled on GPIO2), and pulse-width modulation (PWM). It employs a 32-bit RISC CPU based on the Tensilica Xtensa LX106 running at 80 MHz (or overclocked to 160 MHz). It has a 64 KB boot ROM, 64 KB instruction RAM and 96 KB data RAM. External flash memory can be accessed through SPI.},
author = {Esp8266.net},
booktitle = {esp8266.net},
keywords = {Featured,Industry,High Tech},
title = {{ESP8266.net home}},
url = {http://esp8266.net/},
urldate = {2016-03-29},
Urlaccessdate = {2016-03-29},
year = {2016}
}
@techreport{Kaufmann2015,
author = {Kaufmann, Aviv and Dolan, Kerry},
institution = {Inc., The Enterprise Stategy Group},
pages = {16},
title = {{Price Comparison: Google Cloud vs AWS}},
url = {https://cloud.google.com/files/esg-whitepaper.pdf},
Urlaccessdate = {2017-01-25},
year = {2015}
}
@article{Lemos2013,
author = {Lemos, Andr{\'{e}}},
pages = {1--23},
title = {{A Comunica{\c{c}}{\~{a}}o das Coisas: Internet das Coisas e Teoria Ator-Rede}},
year = {2013}
}
@article{Kranenburg2012,
author = {van Kranenburg, Rob},
journal = {Co.CREATE},
pages = {1--8},
title = {{The Sensing Planet: Why The Internet Of Things Is The Biggest Next Big Thing}},
url = {http://www.fastcocreate.com/1681563/the-sensing-planet-why-the-internet-of-things-is-the-biggest-next-big-thing},
Urlaccessdate = {2017-01-25},
year = {2012}
}
@article{cordeiro2016,
author = {Cordeiro, Marcelo Augusto},
title = {{Servidor e aplicativo web para armazenamento e an{\'{a}}lise de dados de localiza{\c{c}}{\~{a}}o de dispositivos m{\'{o}}veis}},
url = {https://github.com/marcelocordeiro/TCC2016},
Urlaccessdate = {2017-02-16},
year = {2017}
}
