@article{James2016,
abstract = {Provides a concise overview of roles, meetings, rules, and artifacts within a Scrum organization. Updated for 2016.},
author = {James, Michael},
journal = {Dzone},
pages = {6},
title = {{The Ultimate Scrum Reference Card}},
url = {https://dzone.com/refcardz/scrum},
Urlaccessdate = {2017-01-25},
year = {2016}
}
